%%%% WEBSITE WILL HAVE A CAPITAL "W" BEFORE THE CITE NAME %%%%

@article{Reference3,
	Abstract = {We have developed an enhanced Littrow configuration extended cavity diode laser (ECDL) that can be tuned without changing the direction of the output beam. The output of a conventional Littrow ECDL is reflected from a plane mirror fixed parallel to the tuning diffraction grating. Using a free-space Michelson wavemeter to measure the laser wavelength, we can tune the laser over a range greater than 10 nm without any alteration of alignment.},
	Author = {C. J. Hawthorn and K. P. Weber and R. E. Scholten},
	Journal = {Review of Scientific Instruments},
	Month = {12},
	Number = {12},
	Numpages = {3},
	Pages = {4477--4479},
	Title = {Littrow Configuration Tunable External Cavity Diode Laser with Fixed Direction Output Beam},
	Volume = {72},
	Url = {http://link.aip.org/link/?RSI/72/4477/1},
	Year = {2001}}

@online{WConnessionismo,
  author = {Wikipedia},
  title = {Connessionismo Wikipedia{,} L'enciclopedia libera},
  year = 2016,
  url = {http://it.wikipedia.org/w/index.php?title=Connessionismo&oldid=82972690},
  urldate = {2017-08-17}
}


@online{WHeaviside,
author = {Wikipedia},
title = {{Funzione gradino di Heaviside}},
year = {2016},
url = {https://it.wikipedia.org/wiki/Funzione_gradino_di_Heaviside},
urldate = {2017-08-20}}

@online{WPercettrone,
author = {Wikipedia},
title = {Percettrone},
year = 2016,
url = {http://it.wikipedia.org/w/index.php?title=Percettrone&oldid=88722444},
urldate = {2017-08-20}}

@online{WApprox,
author = {Wikipedia},
title = {{Universal Approximation Theorem}},
year = 2016,
url = {https://en.wikipedia.org/w/index.php?title=Universal_approximation_theorem&oldid=796183757},
urldate = {2017-08-20}}


@online{WProfit,
author = {AZ Central},
title = {The Average Profit Margin for a Restaurant},
year = {2016},
url = {http://yourbusiness.azcentral.com/average-profit-margin-restaurant-13113.html},
urldate = {2017-08-20}}

@online{WGradisca,
author = {},
title = {Gradisca New York},
year = {2016},
url = {www.gradiscanyc.com},
urldate = {2017-08-20}}

@online{WRRG,
author = {Restaurant Resource Group},
title = {The Restaurant Financial Red Flags},
year = {2016},
url = {http://rrgconsulting.com/ten_restaurant_financial_red_flags.htm},
urldate = {2017-08-20}}


@online{WSigmoid,
author = {Wikipedia},
title = {{The Sigmoid Function}},
year = {2016},
url = {https://en.wikipedia.org/wiki/Sigmoid_function},
urldate = {2017-08-20}}

@online{WChain,
author = {Wikipedia},
title = {{Regola della catena}},
year = {2016},
url = {https://it.wikipedia.org/wiki/Regola_della_catena},
urldate = {2017-08-20}}


@online{WSGD,
author = {Wikipedia},
title = {{Stochastic Gradient Descent}},
year = {2016},
url = {https://en.wikipedia.org/wiki/Stochastic_gradient_descent},
urldate = {2017-08-20}}

@online{WSupervised,
author = {Wikipedia},
title = {Supervised Learning},
year = {2016},
url = {https://en.wikipedia.org/wiki/Supervised_learning},
urldate = {2017-08-20}}

@online{WLoss,
author = {StackExchange},
title = {{List of cost function used in Neural Netoworks applications}},
year = {2016},
url = {https://stats.stackexchange.com/questions/154879/a-list-of-cost-functions-used-in-neural-networks-alongside-applications},
urldate = {2017-08-20}}


@online{WCS231vec,
author = {CS231-Stanford},
title = {Vector, Matrix, and Tensor Derivatives},
year = {2016},
url = {http://cs231n.stanford.edu/vecDerivs.pdf},
urldate = {2017-08-23}}

@online{WGradcheck,
author = {Stanford},
title = {Gradient checking and advanced optimization},
year = {2016},
url = {http://ufldl.stanford.edu/wiki/index.php/Gradient_checking_and_advanced_optimization},
urldate = {2017-08-20}}

@online{WTorch,
author = {},
title = {Torch: a scientific computing framework for LuaJit},
year = {2017},
url = {torch.ch},
urldate = {2017-08-20}}

@online{Wquasinewton,
author = {Wikipedia},
title = {{The Quasi-Newton method}},
year = {2016},
url = {https://en.wikipedia.org/wiki/Quasi-Newton_method},
urldate = {2017-08-20}}

@online{WLBFGS,
author = {Wikipedia},
title = {Limited-Memory BFGS},
year = {2016},
url = {https://en.wikipedia.org/wiki/Limited-memory_BFGS},
urldate = {2017-08-20}}

@online{WCS231adam,
author = {CS231-Stanford},
title = {CNN for Visual Recognition},
year = {2017},
url = {http://cs231n.github.io/neural-networks-3/},
urldate = {2017-08-25}}

@online{WAdam,
author = {ML Mastery},
title = {A gentle introduction to Adam},
year = {2017},
url = {https://machinelearningmastery.com/adam-optimization-algorithm-for-deep-learning/}, 
urldate = {2017-08-25}}

@online{WLippi, 
author = {Marco Lippi},
title = {Machine Learning PhD course},
year = {2017},
url = {http://lia.disi.unibo.it/Staff/MarcoLippi/teaching/ml_phd.html},
urldate = {2017-08-25}}

@article{Dropout,
author = {Srivastava, Nitish and Hinton, Geoffrey and Krizhevsky, Alex and Sutskever, Ilya and Salakhutdinov, Ruslan},
year = {2014},
month = {06},
pages = {1929-1958},
title = {Dropout: A Simple Way to Prevent Neural Networks from Overfitting},
volume = {15},
booktitle = {Journal of Machine Learning Research}
}

@article{imagenet2012,
title = {ImageNet Classification with Deep Convolutional Neural Networks},
author = {Alex Krizhevsky and Sutskever, Ilya and Hinton, Geoffrey E},
booktitle = {Advances in Neural Information Processing Systems 25},
editor = {F. Pereira and C. J. C. Burges and L. Bottou and K. Q. Weinberger},
pages = {1097--1105},
year = {2012},
publisher = {Curran Associates, Inc.},
url = {http://papers.nips.cc/paper/4824-imagenet-classification-with-deep-convolutional-neural-networks.pdf}
}

@inproceedings {lenet,
original =      "orig/lecun-01a.ps.gz",
author = 	"LeCun, Y. and Bottou, L. and Bengio, Y. and Haffner, P.",
title = 	"Gradient-Based Learning Applied to Document Recognition",
booktitle =     "Intelligent Signal Processing",
editors =       "Haykin, S. and Kosko, B.",
pages =         "306-351",
publisher =     "IEEE Press",
year =		2001
}

@article{resnet,
  author    = {Kaiming He and
               Xiangyu Zhang and
               Shaoqing Ren and
               Jian Sun},
  title     = {Deep Residual Learning for Image Recognition},
  journal   = {CoRR},
  volume    = {abs/1512.03385},
  year      = {2015},
  url       = {http://arxiv.org/abs/1512.03385},
  timestamp = {Wed, 07 Jun 2017 14:41:17 +0200},
  biburl    = {http://dblp.uni-trier.de/rec/bib/journals/corr/HeZRS15},
  bibsource = {dblp computer science bibliography, http://dblp.org}
}

@InProceedings{Relu,
  title = 	 {Deep Sparse Rectifier Neural Networks},
  author = 	 {Xavier Glorot and Antoine Bordes and Yoshua Bengio},
  booktitle = 	 {Proceedings of the Fourteenth International Conference on Artificial Intelligence and Statistics},
  pages = 	 {315--323},
  year = 	 {2011},
  editor = 	 {Geoffrey Gordon and David Dunson and Miroslav Dud√≠k},
  volume = 	 {15},
  series = 	 {Proceedings of Machine Learning Research},
  address = 	 {Fort Lauderdale, FL, USA},
  month = 	 {11--13 Apr},
  publisher = 	 {PMLR},
  pdf = 	 {http://proceedings.mlr.press/v15/glorot11a/glorot11a.pdf},
  url = 	 {http://proceedings.mlr.press/v15/glorot11a.html},
}




